@article{athiray_solar_2019,
  title = {Solar {{Active Region Heating Diagnostics}} from {{High-temperature Emission Using}} the {{MaGIXS}}},
  author = {Athiray, P. S. and Winebarger, Amy R. and Barnes, Will T. and Bradshaw, Stephen J. and Savage, Sabrina and Warren, Harry P. and Kobayashi, Ken and Champey, Patrick and Golub, Leon and Glesener, Lindsay},
  year = {2019},
  month = oct,
  journal = {ApJ},
  volume = {884},
  number = {1},
  pages = {24},
  publisher = {{American Astronomical Society}},
  issn = {0004-637X},
  doi = {10.3847/1538-4357/ab3eb4},
  urldate = {2020-03-14},
  langid = {english}
}

@article{barnes_aiapy_2020,
  title = {Aiapy: {{A Python Package}} for {{Analyzing Solar EUV Image Data}} from {{AIA}}},
  shorttitle = {Aiapy},
  author = {Barnes, Will and Cheung, Mark and Bobra, Monica and Boerner, Paul and Chintzoglou, Georgios and Leonard, Drew and Mumford, Stuart and Padmanabhan, Nicholas and Shih, Albert and Shirman, Nina and Stansby, David and Wright, Paul},
  year = {2020},
  month = nov,
  journal = {JOSS},
  volume = {5},
  pages = {2801},
  doi = {10.21105/joss.02801},
  urldate = {2021-01-14},
  copyright = {All rights reserved}
}

@article{barnes_inference_2016,
  title = {Inference of {{Heating Properties}} from "{{Hot}}" {{Non-flaring Plasmas}} in {{Active Region Cores}}. {{I}}. {{Single Nanoflares}}},
  author = {Barnes, W. T. and Cargill, P. J. and Bradshaw, S. J.},
  year = {2016},
  month = sep,
  journal = {ApJ},
  volume = {829},
  pages = {31},
  issn = {0004-637X},
  doi = {10.3847/0004-637X/829/1/31},
  urldate = {2016-10-06},
  copyright = {All rights reserved}
}

@article{barnes_understanding_2019,
  title = {Understanding {{Heating}} in {{Active Region Cores}} through {{Machine Learning}}. {{I}}. {{Numerical Modeling}} and {{Predicted Observables}}},
  author = {Barnes, W. T. and Bradshaw, S. J. and Viall, N. M.},
  year = {2019},
  month = jul,
  journal = {ApJ},
  volume = {880},
  number = {1},
  pages = {56},
  doi = {10.3847/1538-4357/ab290c},
  urldate = {2019-08-06},
  copyright = {All rights reserved},
  langid = {english}
}

@article{bradshaw_chromospheric_2015,
  title = {Chromospheric {{Nanoflares}} as a {{Source}} of {{Coronal Plasma}}. {{II}}. {{Repeating Nanoflares}}},
  author = {Bradshaw, S. J. and Klimchuk, J. A.},
  year = {2015},
  month = oct,
  journal = {The Astrophysical Journal},
  volume = {811},
  pages = {129},
  issn = {0004-637X},
  doi = {10.1088/0004-637X/811/2/129},
  urldate = {2016-01-28}
}

@article{cargill_implications_1994,
  title = {Some Implications of the Nanoflare Concept},
  author = {Cargill, Peter J.},
  year = {1994},
  month = feb,
  journal = {ApJ},
  volume = {422},
  pages = {381--393},
  issn = {0004-637X},
  doi = {10.1086/173733},
  urldate = {2015-01-18}
}

@article{cargill_nanoflare_2004,
  title = {Nanoflare {{Heating}} of the {{Corona Revisited}}},
  author = {Cargill, Peter J. and Klimchuk, James A.},
  year = {2004},
  month = apr,
  journal = {ApJ},
  volume = {605},
  number = {2},
  pages = {911},
  issn = {0004-637X},
  doi = {10.1086/382526},
  urldate = {2015-03-25},
  langid = {english}
}

@article{cheung_multi-component_2019,
  title = {Multi-Component {{Decomposition}} of {{Astronomical Spectra}} by {{Compressed Sensing}}},
  author = {Cheung, Mark C. M. and De Pontieu, Bart and {Mart{\'i}nez-Sykora}, Juan and Testa, Paola and Winebarger, Amy R. and Daw, Adrian and Hansteen, Viggo and Antolin, Patrick and Tarbell, Theodore D. and Wuelser, Jean-Pierre and Young, Peter and {MUSE Team}},
  year = {2019},
  month = sep,
  journal = {The Astrophysical Journal},
  volume = {882},
  pages = {13},
  issn = {0004-637X},
  doi = {10.3847/1538-4357/ab263d},
  urldate = {2021-04-06}
}

@article{del_zanna_elemental_2014,
  title = {Elemental Abundances and Temperatures of Quiescent Solar Active Region Cores from {{X-ray}} Observations},
  author = {Del Zanna, G. and Mason, H. E.},
  year = {2014},
  month = may,
  journal = {A\&A},
  volume = {565},
  pages = {A14},
  issn = {0004-6361},
  doi = {10.1051/0004-6361/201423471},
  urldate = {2015-08-10}
}

@article{hannah_differential_2012,
  title = {Differential Emission Measures from the Regularized Inversion of {{Hinode}} and {{SDO}} Data},
  author = {Hannah, I. G. and Kontar, E. P.},
  year = {2012},
  month = mar,
  journal = {A\&A},
  volume = {539},
  pages = {A146},
  issn = {0004-6361},
  doi = {10.1051/0004-6361/201117576},
  urldate = {2016-10-20}
}

@article{kashyap_markov-chain_1998,
  title = {Markov-{{Chain Monte Carlo Reconstruction}} of {{Emission Measure Distributions}}: {{Application}} to {{Solar Extreme-Ultraviolet Spectra}}},
  shorttitle = {Markov-{{Chain Monte Carlo Reconstruction}} of {{Emission Measure Distributions}}},
  author = {Kashyap, Vinay and Drake, Jeremy J.},
  year = {1998},
  month = aug,
  journal = {The Astrophysical Journal},
  volume = {503},
  pages = {450--466},
  issn = {0004-637X},
  doi = {10.1086/305964},
  urldate = {2015-07-01}
}

@article{klimchuk_highly_2008,
  title = {Highly {{Efficient Modeling}} of {{Dynamic Coronal Loops}}},
  author = {Klimchuk, J. A. and Patsourakos, S. and Cargill, P. J.},
  year = {2008},
  month = aug,
  journal = {ApJ},
  volume = {682},
  pages = {1351--1362},
  issn = {0004-637X},
  doi = {10.1086/589426},
  urldate = {2014-02-24}
}

@article{klimchuk_key_2015,
  title = {Key Aspects of Coronal Heating},
  author = {Klimchuk, James A.},
  year = {2015},
  month = apr,
  journal = {RSPTA},
  volume = {373},
  pages = {20140256},
  issn = {1364-503X},
  doi = {10.1098/rsta.2014.0256},
  urldate = {2016-05-23}
}

@article{pedregosa_scikit-learn:_2011,
  title = {Scikit-Learn: {{Machine Learning}} in {{Python}}},
  shorttitle = {Scikit-Learn},
  author = {Pedregosa, Fabian and Varoquaux, Ga{\"e}l and Gramfort, Alexandre and Michel, Vincent and Thirion, Bertrand and Grisel, Olivier and Blondel, Mathieu and Prettenhofer, Peter and Weiss, Ron and Dubourg, Vincent and Vanderplas, Jake and Passos, Alexandre and Cournapeau, David and Brucher, Matthieu and Perrot, Matthieu and Duchesnay, {\'E}douard},
  year = {2011},
  month = oct,
  journal = {JMLR},
  volume = {12},
  pages = {2825-2830},
  urldate = {2016-01-24}
}

@article{stansby_pfsspy_2020,
  title = {Pfsspy: {{A Python}} Package for Potential Field Source Surface Modelling},
  shorttitle = {Pfsspy},
  author = {Stansby, David and Yeates, Anthony and Badman, Samuel},
  year = {2020},
  month = oct,
  journal = {The Journal of Open Source Software},
  volume = {5},
  pages = {2732},
  doi = {10.21105/joss.02732},
  urldate = {2021-01-14}
}

@article{the_sunpy_community_sunpy_2020,
  title = {The {{SunPy Project}}: {{Open Source Development}} and {{Status}} of the {{Version}} 1.0 {{Core Package}}},
  shorttitle = {The {{SunPy Project}}},
  author = {{The SunPy Community} and Barnes, Will T. and Bobra, Monica G. and Christe, Steven D. and Freij, Nabil and Hayes, Laura A. and Ireland, Jack and Mumford, Stuart and {Perez-Suarez}, David and Ryan, Daniel F. and Shih, Albert Y. and Chanda, Prateek and Glogowski, Kolja and Hewett, Russell and Hughitt, V. Keith and Hill, Andrew and Hiware, Kaustubh and Inglis, Andrew and Kirk, Michael S. F. and Konge, Sudarshan and Mason, James Paul and Maloney, Shane Anthony and Murray, Sophie A. and Panda, Asish and Park, Jongyeob and Pereira, Tiago M. D. and Reardon, Kevin and Savage, Sabrina and Sip{\H o}cz, Brigitta M. and Stansby, David and Jain, Yash and Taylor, Garrison and Yadav, Tannmay and {Rajul} and Dang, Trung Kien},
  year = {2020},
  month = feb,
  journal = {ApJ},
  volume = {890},
  pages = {68},
  doi = {10.3847/1538-4357/ab4f7a},
  urldate = {2020-09-21}
}

@article{warren_observation_2020,
  title = {Observation and {{Modeling}} of {{High-temperature Solar Active Region Emission}} during the {{High-resolution Coronal Imager Flight}} of 2018 {{May}} 29},
  author = {Warren, Harry P. and Reep, Jeffrey W. and Crump, Nicholas A. and {Ugarte-Urra}, Ignacio and Brooks, David H. and Winebarger, Amy R. and Savage, Sabrina and Pontieu, Bart De and Peter, Hardi and Cirtain, Jonathan W. and Golub, Leon and Kobayashi, Ken and McKenzie, David and Morton, Richard and Rachmeler, Laurel and Testa, Paola and Tiwari, Sanjiv and Walsh, Robert},
  year = {2020},
  month = jun,
  journal = {ApJ},
  volume = {896},
  number = {1},
  pages = {51},
  publisher = {{American Astronomical Society}},
  issn = {0004-637X},
  doi = {10.3847/1538-4357/ab917c},
  urldate = {2020-06-16},
  langid = {english}
}

@article{warren_systematic_2012,
  title = {A {{Systematic Survey}} of {{High-temperature Emission}} in {{Solar Active Regions}}},
  author = {Warren, Harry P. and Winebarger, Amy R. and Brooks, David H.},
  year = {2012},
  month = nov,
  journal = {ApJ},
  volume = {759},
  number = {2},
  pages = {141},
  issn = {0004-637X},
  doi = {10.1088/0004-637X/759/2/141},
  urldate = {2015-03-26},
  langid = {english}
}

@article{winebarger_defining_2012,
  title = {Defining the "{{Blind Spot}}" of {{Hinode EIS}} and {{XRT Temperature Measurements}}},
  author = {Winebarger, Amy R. and Warren, Harry P. and Schmelz, Joan T. and Cirtain, Jonathan and {Mulu-Moore}, Fana and Golub, Leon and Kobayashi, Ken},
  year = {2012},
  month = feb,
  journal = {ApJL},
  volume = {746},
  pages = {L17},
  issn = {0004-637X},
  doi = {10.1088/2041-8205/746/2/L17},
  urldate = {2015-09-09}
}
